@book{stiffler-1992-design,
author = {Stiffler, A Kent},
year = {1992},
title = {Design with Microprocessors for Mechanical Engineers},
publisher = {McGraw Hill}
}

@article{kara-2003-nonlinear,
author={Kara, Togay and Eker, \.{I}lyas},
year={2004},
title={Nonlinear modeling and identification of a {DC} motor for bidirectional operation with real time experiments},
journal={Energy Conversion and Management},
volume={45},
pages={1087--1106},
doi={10.1016/j.enconman.2003.08.005}}
