@INPROCEEDINGS{lefeber2001observer,
author={E. {Lefeber} and J. {Jakubiak} and K. {Tchon} and H. {Nijmeijer}},
booktitle={Proceedings 2001 ICRA. IEEE International Conference on Robotics and Automation (Cat. No.01CH37164)},
title={Observer based kinematic tracking controllers for a unicycle-type mobile robot},
year={2001},
volume={2},
number={},
pages={2084-2089 vol.2},
keywords={mobile robots;robot kinematics;tracking;cascade systems;observers;reduced order systems;stability;convergence;unicycle-type;mobile robot;global trajectory tracking;kinematic model;cascaded systems;reduced order observers;convergence;stability;Mobile robots;Robust stability;Robot kinematics;Coordinate measuring machines;Control systems;Convergence;Position measurement;Cybernetics;Error correction;Feedback},
doi={10.1109/ROBOT.2001.932914},
ISSN={1050-4729},
month={May},}